@book{JAG2017,
  title     = {Contemporary Abstract Algebra},
  author    = {Joseph A. Gallian},
  year      = {2017},
  publisher = {Cengage Learning},
  edition   = {9th},
  isbn      = {978-1-305-65796-0}
}